@article{person_2025,
  author = {Person, Robert},
  title = {Why Ukraine Shouldnâ€™t Negotiate with Putin},
  journal = {Journal of Democracy},
  volume = {36},
  number = {1},
  pages = {21--35},
  year = {2025},
  month = {January},
  url = {https://www.journalofdemocracy.org/articles/why-ukraine-shouldnt-negotiate-with-putin/},
}
