@book{CWC_2011,
  author    = {Commission on Wartime Contracting in Iraq and Afghanistan},
  title     = {Transforming Wartime Contracting: Controlling Costs, Reducing Risks},
  year      = {2011},
  publisher = {Commission on Wartime Contracting in Iraq and Afghanistan},
  url       = {https://cybercemetery.unt.edu/cwc/20110929213815/http:/www.wartimecontracting.gov/docs/CWC_FinalReport-lowres.pdf}
}

@book{Wyden1979,
  author    = {Peter H. Wyden},
  title     = {Bay of Pigs: The Untold Story},
  year      = {1979},
  publisher = {Simon and Schuster},
  address   = {New York}
}

@article{Vandenbroucke1984,
  author  = {Lucien S. Vandenbroucke},
  title   = {The ‘Confessions’ of Allen Dulles: New Evidence on the Bay of Pigs},
  journal = {Diplomatic History},
  volume  = {8},
  number  = {4},
  year    = {1984},
  pages   = {365--375},
  url     = {http://www.jstor.org/stable/44363812},
  note    = {Accessed 11 Dec. 2024}
}

@book{JeffreysJones2003,
  author    = {Rhodri Jeffreys-Jones},
  title     = {The CIA and American Democracy},
  year      = {2003},
  publisher = {Yale University Press},
  address   = {New Haven}
}

@book{Klay2014,
  title     = {Redeployment},
  author    = {Phil Klay},
  year      = {2014},
  publisher = {Penguin Press},
  address   = {New York},
  isbn      = {9781594204999}
}

@misc{bbc2008iraqcontracts,
  author       = {{BBC News}},
  title        = {Iraq 'winners' profited from war},
  year         = {2008},
  url          = {http://news.bbc.co.uk/2/hi/middle_east/7444083.stm},
  note         = {Accessed: 2025-04-07}
}

@misc{cbs2009cheneyhalliburton,
  author       = {{CBS News}},
  title        = {Cheney's Halliburton Ties Remain},
  year         = {2009},
  url          = {https://www.cbsnews.com/news/cheneys-halliburton-ties-remain/},
  note         = {Accessed: 2025-04-07}
}

@misc{factcheck2004halliburton,
  author       = {{FactCheck.org}},
  title        = {Cheney's Halliburton Ties: Fact or Fiction?},
  year         = {2004},
  url          = {https://web.archive.org/web/20060409195039/http://www.factcheck.org/article261.html},
  note         = {Accessed via Internet Archive: 2025-04-07}
}

@misc{nytimes2005halliburtoncontract,
  author       = {David Barstow},
  title        = {Army Contract Official Critical of Halliburton Pact Is Demoted},
  year         = {2005},
  url          = {https://www.nytimes.com/2005/08/29/world/middleeast/army-contract-official-critical-of-halliburton-pact-is.html},
  note         = {Accessed: 2025-04-07},
  publisher    = {The New York Times}
}

@book{us_senate2011wartime_contracting,
  title     = {The Final Report of the Commission on Wartime Contracting in Iraq and Afghanistan},
  author    = {United States Senate, Subcommittee on Readiness and Management Support, Committee on Armed Services},
  year      = {2011},
  publisher = {U.S. Government Printing Office},
  address   = {Washington, D.C.},
  url       = {https://www.govinfo.gov/content/pkg/CHRG-112shrg72564/pdf/CHRG-112shrg72564.pdf},
  note      = {Accessed: 2025-04-07}
}
